@inproceedings{IOLEdit,
  author = {Ivan Derzhanski},
  booktitle = {Proceedings of the Fourth Workshop on Teaching Natural Language Processing},
  title = {Multilingual Editing of Linguistic Problems},
  pages = {27},
  year = {2013}
}

@inproceedings{RosettaAnalysis,
  author = {Bozhidar Bozhanov and Ivan Derzhanski},
  booktitle = {Proceedings of the Fourth Workshop on Teaching Natural Language Processing},
  title = {Rosetta Stone Linguistic Problems},
  pages = {1},
  year = {2013}
}

@inproceedings{Seneca,
  author = {Floyd Glenn Lounsbury},
  booktitle = {Proceedings of the Ninth International Congress of Linguistsg},
  title = {The structural analysis of kinship semantics},
  pages = {1073},
  year = {1964}
}
